@book{uidai,
  title={Role of Biometric Technology in Aadhaar Authentication, Authentication Accuracy Report},
  author={Unique Identification Authority of India (UIDAI)},
  year={March 2012},
  publisher={UIDAI},
  note = {\url{http://stateofaadhaar.in/wp-content/uploads/UIDAI_Role_2012.pdf}}
}


@inproceedings{2002SUMMARYON,
  title={SUMMARY OF NIST STANDARDS FOR BIOMETRIC ACCURACY, TAMPER RESISTANCE, AND INTEROPERABILITY},
  author={},
  year={2002},
  note = {\url{https://www.nist.gov/sites/default/files/documents/2016/12/21/nistapp_nov02.pdf}}
}

@article{joshi1998computer,
  title={Computer-vision-based approach to personal identification using finger crease pattern},
  author={Joshi, Dilip G and Rao, Yelluru Vasudeva and Kar, Soumitra and Kumar, Valli and Kumar, Ranajit},
  journal={Pattern Recognition},
  volume={31},
  number={1},
  pages={15--22},
  year={1998},
  publisher={Elsevier}
}

@article{kumar2015recovering,
  title={Recovering and matching minutiae patterns from finger knuckle images},
  author={Kumar, Ajay and Wang, Bichai},
  journal={Pattern Recognition Letters},
  volume={68},
  pages={361--367},
  year={2015},
  publisher={Elsevier}
}

@article{woodard2005finger,
  title={Finger surface as a biometric identifier},
  author={Woodard, Damon L and Flynn, Patrick J},
  journal={Computer vision and image understanding},
  volume={100},
  number={3},
  pages={357--384},
  year={2005},
  publisher={Elsevier}
}

@inproceedings{sricharan2006knuckle,
  title={Knuckle based hand correlation for user authentication},
  author={Sricharan, K Kumar and Reddy, A Aneesh and Ramakrishnan, AG},
  booktitle={Biometric Technology for Human Identification III},
  volume={6202},
  pages={268--271},
  year={2006},
  organization={SPIE}
}

@article{kumar2009personal,
  title={Personal authentication using finger knuckle surface},
  author={Kumar, Ajay and Ravikanth, Ch},
  journal={IEEE Transactions on Information Forensics and Security},
  volume={4},
  number={1},
  pages={98--110},
  year={2009},
  publisher={IEEE}
}

@article{zhang2010online,
  title={Online finger-knuckle-print verification for personal authentication},
  author={Zhang, Lin and Zhang, Lei and Zhang, David and Zhu, Hailong},
  journal={Pattern recognition},
  volume={43},
  number={7},
  pages={2560--2571},
  year={2010},
  publisher={Elsevier}
}

@article{zhu2010multimodal,
  title={Multimodal biometric identification system based on finger geometry, knuckle print and palm print},
  author={Zhu, Le-qing and Zhang, San-yuan},
  journal={Pattern Recognition Letters},
  volume={31},
  number={12},
  pages={1641--1649},
  year={2010},
  publisher={Elsevier}
}

@inproceedings{aoyama2011finger,
  title={Finger-knuckle-print recognition using BLPOC-based local block matching},
  author={Aoyama, Shoichiro and Ito, Koichi and Aoki, Takafumi},
  booktitle={The First Asian Conference on Pattern Recognition},
  pages={525--529},
  year={2011},
  organization={IEEE}
}

@article{jaswal2016knuckle,
  title={Knuckle print biometrics and fusion schemes--overview, challenges, and solutions},
  author={Jaswal, Gaurav and Kaul, Amit and Nath, Ravinder},
  journal={ACM Computing Surveys (CSUR)},
  volume={49},
  number={2},
  pages={1--46},
  year={2016},
  publisher={ACM New York, NY, USA}
}

@misc{fbi-sensor,
  author       = {FBI Certified Fingerprint Sensors},
  howpublished = {\url{https://www.fbibiospecs.cjis.gov/Certifications}},
  year         = {2020}
}

@book{watson2009slapssegii,
  title={SlapsSegII-Slap Fingerprint Segmentation Evaluation II:.},
  author={Watson, Craig and Flanagan, Patricia and Cochran, Brian},
  year={2009},
  publisher={US Department of Commerce, National Institute of Standards and Technology}
}

@book{maltoni2009handbook,
  title={Handbook of fingerprint recognition},
  author={Maltoni, Davide and Maio, Dario and Jain, Anil K and Prabhakar, Salil},
  year={2009},
  publisher={Springer Science \& Business Media}
}

@inproceedings{zhang2010slap,
  title={Slap fingerprint segmentation for live-scan devices and ten-print cards},
  author={Zhang, Yong-Liang and Xiao, Gang and Li, Yan-Miao and Wu, Hong-Tao and Huang, Ya-Ping},
  booktitle={2010 20th International Conference on Pattern Recognition},
  pages={1180--1183},
  year={2010},
  organization={IEEE}
}

@article{watson2007user,
  title={User's guide to NIST biometric image software (NBIS)},
  author={Watson, Craig I and Garris, Michael D and Tabassi, Elham and Wilson, Charles L and McCabe, R Michael and Janet, Stanley and Ko, Kenneth},
  year={2007},
  publisher={Citeseer}
}

@article{cappelli2010minutia,
  title={Minutia cylinder-code: A new representation and matching technique for fingerprint recognition},
  author={Cappelli, Raffaele and Ferrara, Matteo and Maltoni, Davide},
  journal={IEEE transactions on pattern analysis and machine intelligence},
  volume={32},
  number={12},
  pages={2128--2141},
  year={2010},
  publisher={IEEE}
}

@misc{verifinger,
  author       = {Verifinger},
  howpublished = {\url{https://www.neurotechnology.com/verifinger.html}},
  year         = {Accessed: 2022}
}

@inproceedings{he2017mask,
  title={Mask r-cnn},
  author={He, Kaiming and Gkioxari, Georgia and Doll{\'a}r, Piotr and Girshick, Ross},
  booktitle={Proceedings of the IEEE international conference on computer vision},
  pages={2961--2969},
  year={2017}
}

@inproceedings{he2016deep,
  title={Deep residual learning for image recognition},
  author={He, Kaiming and Zhang, Xiangyu and Ren, Shaoqing and Sun, Jian},
  booktitle={Proceedings of the IEEE conference on computer vision and pattern recognition},
  pages={770--778},
  year={2016}
}

@inproceedings{lin2017feature,
  title={Feature pyramid networks for object detection},
  author={Lin, Tsung-Yi and Doll{\'a}r, Piotr and Girshick, Ross and He, Kaiming and Hariharan, Bharath and Belongie, Serge},
  booktitle={Proceedings of the IEEE conference on computer vision and pattern recognition},
  pages={2117--2125},
  year={2017}
}

@misc{data-augmentation,
  howpublished = {\url{https:// github.com/aleju/imgaug}},
  author        = {Data augmentation for machine learning experiments},
  year         = {Sep, 2022}
}

@article{zheng20163d,
  title={A 3D feature descriptor recovered from a single 2D palmprint image},
  author={Zheng, Qian and Kumar, Ajay and Pan, Gang},
  journal={IEEE transactions on pattern analysis and machine intelligence},
  volume={38},
  number={6},
  pages={1272--1279},
  year={2016},
  publisher={IEEE}
}

@article{kumar2016personal,
  title={Personal identification using minor knuckle patterns from palm dorsal surface},
  author={Kumar, Ajay and Xu, Zhihuan},
  journal={IEEE Transactions on Information Forensics and Security},
  volume={11},
  number={10},
  pages={2338--2348},
  year={2016},
  publisher={IEEE}
}

@article{jain2012biometric,
  title={Biometric recognition: an overview},
  author={Jain, Anil K and Kumar, Ajay},
  journal={Second generation biometrics: The ethical, legal and social context},
  pages={49--79},
  year={2012},
  publisher={Springer}
}

@misc{futronic,
  howpublished = {\url{https://www.futronic-tech.com/product_fs64}},
  author        = {Futronic FS64 Flat/Slap Fingerprint Scanner},
  year         = {2018}
}

@misc{mindvision,
  author       = {MindVision Technology},
  howpublished = {\url{http://www.mindvision.com.cn/}},
  year         = {2022}
}

@misc{datalink,
  author       = {The Hong Kong Polytechnic University Joint Finger Knuckle and Fingerprint Database},
  howpublished = {\url{https://www4.comp.polyu.edu.hk/~csajaykr/myhome/database_request/fn3}},
  title        = {},
  year         = {2022}
}

@inproceedings{redmon2016you,
  title={You only look once: Unified, real-time object detection},
  author={Redmon, Joseph and Divvala, Santosh and Girshick, Ross and Farhadi, Ali},
  booktitle={Proceedings of the IEEE conference on computer vision and pattern recognition},
  pages={779--788},
  year={2016}
}

@article{wang2004image,
  title={Image quality assessment: from error visibility to structural similarity},
  author={Wang, Zhou and Bovik, Alan C and Sheikh, Hamid R and Simoncelli, Eero P},
  journal={IEEE transactions on image processing},
  volume={13},
  number={4},
  pages={600--612},
  year={2004},
  publisher={IEEE}
}

@article{cheng2020deep,
  title={Deep feature collaboration for challenging 3D finger knuckle identification},
  author={Cheng, Kevin HM and Kumar, Ajay},
  journal={IEEE Transactions on Information Forensics and Security},
  volume={16},
  pages={1158--1173},
  year={2020},
  publisher={IEEE}
}

@article{jaderberg2015spatial,
  title={Spatial transformer networks},
  author={Jaderberg, Max and Simonyan, Karen and Zisserman, Andrew and others},
  journal={Advances in neural information processing systems},
  volume={28},
  year={2015}
}

@inproceedings{tan2021efficientnetv2,
  title={Efficientnetv2: Smaller models and faster training},
  author={Tan, Mingxing and Le, Quoc},
  booktitle={International Conference on Machine Learning},
  pages={10096--10106},
  year={2021},
  organization={PMLR}
}

@inproceedings{tan2019efficientnet,
  title={Efficientnet: Rethinking model scaling for convolutional neural networks},
  author={Tan, Mingxing and Le, Quoc},
  booktitle={International conference on machine learning},
  pages={6105--6114},
  year={2019},
  organization={PMLR}
}

@article{russakovsky2015imagenet,
  title={Imagenet large scale visual recognition challenge},
  author={Russakovsky, Olga and Deng, Jia and Su, Hao and Krause, Jonathan and Satheesh, Sanjeev and Ma, Sean and Huang, Zhiheng and Karpathy, Andrej and Khosla, Aditya and Bernstein, Michael and others},
  journal={International journal of computer vision},
  volume={115},
  number={3},
  pages={211--252},
  year={2015},
  publisher={Springer}
}

@inproceedings{chen2017beyond,
  title={Beyond triplet loss: a deep quadruplet network for person re-identification},
  author={Chen, Weihua and Chen, Xiaotang and Zhang, Jianguo and Huang, Kaiqi},
  booktitle={Proceedings of the IEEE conference on computer vision and pattern recognition},
  pages={403--412},
  year={2017}
}

@article{liu2020contactless,
  title={Contactless palmprint identification using deeply learned residual features},
  author={Liu, Yang and Kumar, Ajay},
  journal={IEEE Transactions on Biometrics, Behavior, and Identity Science},
  volume={2},
  number={2},
  pages={172--181},
  year={2020},
  publisher={IEEE}
}

@article{kumar2014importance,
  title={Importance of being unique from finger dorsal patterns: Exploring minor finger knuckle patterns in verifying human identities},
  author={Kumar, Ajay},
  journal={IEEE transactions on information forensics and security},
  volume={9},
  number={8},
  pages={1288--1298},
  year={2014},
  publisher={IEEE}
}

@inproceedings{thapar2019fkimnet,
  title={Fkimnet: a finger dorsal image matching network comparing component (major, minor and nail) matching with holistic (finger dorsal) matching},
  author={Thapar, Daksh and Jaswal, Gaurav and Nigam, Aditya},
  booktitle={2019 international joint conference on neural networks (IJCNN)},
  pages={1--8},
  year={2019},
  organization={IEEE}
}

@inproceedings{lin2014microsoft,
  title={Microsoft coco: Common objects in context},
  author={Lin, Tsung-Yi and Maire, Michael and Belongie, Serge and Hays, James and Perona, Pietro and Ramanan, Deva and Doll{\'a}r, Piotr and Zitnick, C Lawrence},
  booktitle={European conference on computer vision},
  pages={740--755},
  year={2014},
  organization={Springer}
}

@inproceedings{hu2018squeeze,
  title={Squeeze-and-excitation networks},
  author={Hu, Jie and Shen, Li and Sun, Gang},
  booktitle={Proceedings of the IEEE conference on computer vision and pattern recognition},
  pages={7132--7141},
  year={2018}
}

@inproceedings{zhu2019deformable,
  title={Deformable convnets v2: More deformable, better results},
  author={Zhu, Xizhou and Hu, Han and Lin, Stephen and Dai, Jifeng},
  booktitle={Proceedings of the IEEE/CVF conference on computer vision and pattern recognition},
  pages={9308--9316},
  year={2019}
}

@article{yu2015multi,
  title={Multi-scale context aggregation by dilated convolutions},
  author={Yu, Fisher and Koltun, Vladlen},
  journal={arXiv preprint arXiv:1511.07122},
  year={2015}
}

@article{simonyan2014very,
  title={Very deep convolutional networks for large-scale image recognition},
  author={Simonyan, Karen and Zisserman, Andrew},
  journal={arXiv preprint arXiv:1409.1556},
  year={2014}
}