@book{uidai,
  title={Role of Biometric Technology in Aadhaar Authentication, Authentication Accuracy Report},
  author={Unique Identification Authority of India (UIDAI)},
  year={March 2012},
  publisher={UIDAI},
  note = {\url{http://stateofaadhaar.in/wp-content/uploads/UIDAI_Role_2012.pdf}}
}


@inproceedings{2002SUMMARYON,
  title={SUMMARY OF NIST STANDARDS FOR BIOMETRIC ACCURACY, TAMPER RESISTANCE, AND INTEROPERABILITY},
  author={},
  year={2002},
  note = {\url{https://www.nist.gov/sites/default/files/documents/2016/12/21/nistapp_nov02.pdf}}
}