@inproceedings{2002SUMMARYON,
  title={SUMMARY OF NIST STANDARDS FOR BIOMETRIC ACCURACY, TAMPER RESISTANCE, AND INTEROPERABILITY},
  author={},
  year={2002}
}
